@misc{one,
  AUTHOR			= "Vuleta, B.",
  TITLE			= "18 Chilling Privacy Statistics",
  YEAR			= "2022",
  ADDRESS		= "https://legaljobs.io/blog/privacy-statistics/",
}

@article{two,
  title={The role of privacy fatigue in online privacy behavior},
  author={Choi, Hanbyul and Park, Jonghwa and Jung, Yoonhyuk},
  journal={Computers in Human Behavior},
  volume={81},
  pages={42--51},
  year={2018},
  publisher={Elsevier}
}

@article{three,
  title={The effect of online privacy policy on consumer privacy concern and trust},
  author={Wu, Kuang-Wen and Huang, Shaio Yan and Yen, David C and Popova, Irina},
  journal={Computers in human behavior},
  volume={28},
  number={3},
  pages={889--897},
  year={2012},
  publisher={Elsevier}
}

@inproceedings{four,
  title={A comparative study of online privacy policies and formats},
  author={McDonald, Aleecia M and Reeder, Robert W and Kelley, Patrick Gage and Cranor, Lorrie Faith},
  booktitle={Privacy Enhancing Technologies: 9th International Symposium, PETS 2009, Seattle, WA, USA, August 5-7, 2009. Proceedings 9},
  pages={37--55},
  year={2009},
  organization={Springer}
}

@article{five,
  title={Privacy and American business study},
  author={Westin, Alan},
  journal={Retrieved online November},
  volume={1},
  pages={2010},
  year={1997}
}

@misc{six,
  AUTHOR			= "The Harris Poll",
  TITLE			= "Norton Cyber Safety Insights Report: Special Release – Online Creeping",
  YEAR			= "2022",
  ADDRESS		= "https://www.nortonlifelock.com/de/de/newsroom/press-kits/2022-norton-cyber-safety-insights-report-special-release-online-creeping/",
}

@incollection{seven,
  title={The right to privacy},
  author={Warren, Samuel and Brandeis, Louis},
  booktitle={Killing the Messenger},
  pages={1--21},
  year={1989},
  publisher={Columbia University Press}
}

@book{eight,
  title={Security engineering: a guide to building dependable distributed systems},
  author={Anderson, Ross},
  year={2020},
  publisher={John Wiley \& Sons}
}

@article{nine,
  title={A munkav{\'a}llal{\'o}k szem{\'e}lyis{\'e}gi jogainak v{\'e}delme, k{\"u}l{\"o}n{\"o}s tekintettel a munkahelyi kamer{\'a}kra},
  author={Luk{\'a}cs, Adrienn},
  journal={DE IURISPRUDENTIA ET IURE PUBLICO: JOG-{\'E}S POLITIKATUDOM{\'A}NYI FOLY{\'O}IRAT},
  volume={7},
  number={2},
  pages={Terjedelem--32},
  year={2013},
  publisher={szte}
}

@article{ten,
  title={Privacy and security at risk in the global information society},
  author={Fischer-H{\"u}bner, Simone},
  journal={Information Communication \& Society},
  volume={1},
  number={4},
  pages={420--441},
  year={1998},
  publisher={Taylor \& Francis}
}

@article{eleven,
  title={Handbook of privacy and privacy-enhancing technologies},
  author={Van Blarkom, GW and Borking, John J and Olk, JG Eddy},
  journal={Privacy Incorporated Software Agent (PISA) Consortium, The Hague},
  volume={198},
  pages={14},
  year={2003},
  publisher={Citeseer}
}

@article{twelve,
  title={A taxonomy for privacy enhancing technologies},
  author={Heurix, Johannes and Zimmermann, Peter and Neubauer, Thomas and Fenz, Stefan},
  journal={Computers \& Security},
  volume={53},
  pages={1--17},
  year={2015},
  publisher={Elsevier}
}

@article{thirteen,
  title={Privacy-enhancing technologies—approaches and development},
  author={Seni{\v{c}}ar, Vanja and Jerman-Bla{\v{z}}i{\v{c}}, Borka and Klobu{\v{c}}ar, Toma{\v{z}}},
  journal={Computer Standards \& Interfaces},
  volume={25},
  number={2},
  pages={147--158},
  year={2003},
  publisher={Elsevier}
}

@article{fourteen,
  title={How I learned to design and conduct semi-structured interviews: an ongoing and continuous journey.},
  author={Rabionet, Silvia E},
  journal={Qualitative Report},
  volume={16},
  number={2},
  pages={563--566},
  year={2011},
  publisher={ERIC}
}

@article{gdpr,
  title={The eu general data protection regulation (gdpr)},
  author={Voigt, Paul and Von dem Bussche, Axel},
  journal={A Practical Guide, 1st Ed., Cham: Springer International Publishing},
  volume={10},
  number={3152676},
  pages={10--5555},
  year={2017},
  publisher={Springer}
}

@article{ccpa,
  title={An introduction to the california consumer privacy act (CCPA)},
  author={Goldman, Eric},
  journal={Santa Clara Univ. Legal Studies Research Paper},
  year={2020}
}


@article{priv_goals,
  title={Federated learning and privacy},
  author={Bonawitz, Kallista and Kairouz, Peter and Mcmahan, Brendan and Ramage, Daniel},
  journal={Communications of the ACM},
  volume={65},
  number={4},
  pages={90--97},
  year={2022},
  publisher={ACM New York, NY, USA}
}

@misc{cii,
  AUTHOR			= "Tobias Dehling",
  TITLE			= "CII Lecture Session-01",
  YEAR			= "2022",
}

@book{table2,
  title={Privacy and Freedom},
  author={Westin, A.F. and Solove, D.J.},
  isbn={9781935439974},
  lccn={78520991},
  url={https://books.google.de/books?id=1RXqoAEACAAJ},
  year={2015},
  publisher={Ig Publishing}
}

@article{table4,
  title={Conceptualizing privacy},
  author={Solove, Daniel J},
  journal={California law review},
  pages={1087--1155},
  year={2002},
  publisher={JSTOR}
}

@article{table5,
  title={Understanding privacy online: Development of a social contract approach to privacy},
  author={Martin, Kirsten},
  journal={Journal of business ethics},
  volume={137},
  pages={551--569},
  year={2016},
  publisher={Springer}
}


